<record><leader>00000cas a22000007a 4500</leader><controlfield tag="001">35006514</controlfield><controlfield tag="008">960628d19uu1921okuwr n       0    0eng d</controlfield><datafield ind1=" " ind2=" " tag="010"><subfield code="a">sn 96087910 </subfield></datafield><datafield ind1=" " ind2=" " tag="040"><subfield code="a">OBN</subfield><subfield code="b">eng</subfield><subfield code="c">OBN</subfield><subfield code="d">OCLCQ</subfield><subfield code="d">OCLCO</subfield></datafield><datafield ind1="1" ind2=" " tag="029"><subfield code="a">AU@</subfield><subfield code="b">000012679695</subfield></datafield><datafield ind1=" " ind2=" " tag="042"><subfield code="a">msc</subfield></datafield><datafield ind1=" " ind2=" " tag="043"><subfield code="a">n-us-ok</subfield></datafield><datafield ind1="0" ind2=" " tag="130"><subfield code="a">Taloga times (Taloga, Okla. : 1920)</subfield></datafield><datafield ind1="1" ind2="0" tag="245"><subfield code="a">Taloga times.</subfield></datafield><datafield ind1=" " ind2=" " tag="260"><subfield code="a">Taloga, Dewey County, Okla. :</subfield><subfield code="b">G.F. Langley</subfield></datafield><datafield ind1=" " ind2=" " tag="300"><subfield code="a">v.</subfield></datafield><datafield ind1=" " ind2=" " tag="310"><subfield code="a">Weekly</subfield></datafield><datafield ind1="0" ind2=" " tag="362"><subfield code="a">-v. 9, no. 52 (Mar. 24, 1921).</subfield></datafield><datafield ind1=" " ind2=" " tag="588"><subfield code="a">Description based on: Vol. 8, no. 38 (Jan. 1, 1920).</subfield></datafield><datafield ind1=" " ind2="0" tag="651"><subfield code="a">Taloga (Okla.)</subfield><subfield code="v">Newspapers.</subfield></datafield><datafield ind1=" " ind2="0" tag="651"><subfield code="a">Dewey County (Okla.)</subfield><subfield code="v">Newspapers.</subfield></datafield><datafield ind1=" " ind2=" " tag="752"><subfield code="a">United States</subfield><subfield code="b">Oklahoma</subfield><subfield code="c">Dewey</subfield><subfield code="d">Taloga.</subfield></datafield><datafield ind1="0" ind2="0" tag="780"><subfield code="t">Camargo comet</subfield><subfield code="w">(DLC)sn 96087909</subfield><subfield code="w">(OCoLC)35006387</subfield></datafield><datafield ind1="0" ind2="7" tag="785"><subfield code="t">Taloga advocate (Taloga, Okla. : 1895)</subfield><subfield code="w">(DLC)sn 96087908</subfield><subfield code="w">(OCoLC)35006277</subfield></datafield><datafield ind1="0" ind2="7" tag="785"><subfield code="t">Taloga times-advocate (Taloga, Okla.)</subfield><subfield code="w">(DLC)sn 86064132</subfield><subfield code="w">(OCoLC)13646122</subfield></datafield></record>